% Encoding: UTF-8

@Article{Steers2001,
  author    = {William D. Steers},
  title     = {5$\upalpha$-reductase activity in the prostate},
  journal   = {Urology},
  year      = {2001},
  volume    = {58},
  number    = {6},
  pages     = {17--24},
  month     = {dec},
  doi       = {10.1016/s0090-4295(01)01299-7},
  publisher = {Elsevier {BV}},
}

@Article{Strand2014,
  author    = {Siri Strand and Torben Orntoft and Karina Sorensen},
  title     = {Prognostic {DNA} Methylation Markers for Prostate Cancer},
  journal   = {International Journal of Molecular Sciences},
  year      = {2014},
  volume    = {15},
  number    = {9},
  pages     = {16544--16576},
  month     = {sep},
  doi       = {10.3390/ijms150916544},
  publisher = {{MDPI} {AG}},
}

@Article{Wojdacz2007,
  author    = {T. K. Wojdacz and A. Dobrovic},
  title     = {Methylation-sensitive high resolution melting ({MS}-{HRM}): a new approach for sensitive and high-throughput assessment of methylation},
  journal   = {Nucleic Acids Research},
  year      = {2007},
  volume    = {35},
  number    = {6},
  pages     = {e41--e41},
  month     = {mar},
  doi       = {10.1093/nar/gkm013},
  publisher = {Oxford University Press ({OUP})},
}

@InCollection{Yang2012,
  author    = {Mihi Yang and Jong Y. Park},
  title     = {{DNA} Methylation in Promoter Region as Biomarkers in Prostate Cancer},
  booktitle = {Methods in Molecular Biology},
  publisher = {Humana Press},
  year      = {2012},
  pages     = {67--109},
  doi       = {10.1007/978-1-61779-612-8_5},
}

@Article{Jeronimo2011,
  author    = {Carmen Jer{\'{o}}nimo and Patrick J. Bastian and Anders Bjartell and Giuseppina M. Carbone and James W.F. Catto and Susan J. Clark and Rui Henrique and William G. Nelson and Shahrokh F. Shariat},
  title     = {Epigenetics in Prostate Cancer: Biologic and Clinical Relevance},
  journal   = {European Urology},
  year      = {2011},
  volume    = {60},
  number    = {4},
  pages     = {753--766},
  month     = {oct},
  doi       = {10.1016/j.eururo.2011.06.035},
  publisher = {Elsevier {BV}},
}

@Article{Wojdacz2010,
  author    = {Tomasz K Wojdacz and Tine H{\o}rning M{\o}ller and Britta Boserup Thestrup and Lasse Sommer Kristensen and Lise Lotte Hansen},
  title     = {Limitations and advantages of {MS}-{HRM} and bisulfite sequencing for single locus methylation studies},
  journal   = {Expert Review of Molecular Diagnostics},
  year      = {2010},
  volume    = {10},
  number    = {5},
  pages     = {575--580},
  month     = {jul},
  doi       = {10.1586/erm.10.46},
  publisher = {Informa {UK} Limited},
}

@InCollection{Goering2012,
  author    = {Wolfgang Goering and Michael Kloth and Wolfgang A. Schulz},
  title     = {{DNA} Methylation Changes in Prostate Cancer},
  booktitle = {Methods in Molecular Biology},
  publisher = {Humana Press},
  year      = {2012},
  pages     = {47--66},
  doi       = {10.1007/978-1-61779-612-8_4},
}

@Article{Marmur1962,
  author    = {J. Marmur and P. Doty},
  title     = {Determination of the base composition of deoxyribonucleic acid from its thermal denaturation temperature},
  journal   = {Journal of Molecular Biology},
  year      = {1962},
  volume    = {5},
  number    = {1},
  pages     = {109--118},
  month     = {jul},
  doi       = {10.1016/s0022-2836(62)80066-7},
  publisher = {Elsevier {BV}},
}

@Article{Bashir2015,
  author    = {Muhammad Naeem Bashir},
  title     = {Epidemiology of Prostate Cancer},
  journal   = {Asian Pacific Journal of Cancer Prevention},
  year      = {2015},
  volume    = {16},
  number    = {13},
  pages     = {5137--5141},
  month     = {aug},
  doi       = {10.7314/apjcp.2015.16.13.5137},
  publisher = {Asian Pacific Organization for Cancer Prevention},
}

@Article{Thompson2013,
  author    = {Ian M. Thompson and April B. Cabang and Michael J. Wargovich},
  title     = {Future directions in the prevention of prostate cancer},
  journal   = {Nature Reviews Clinical Oncology},
  year      = {2013},
  volume    = {11},
  number    = {1},
  pages     = {49--60},
  month     = {nov},
  doi       = {10.1038/nrclinonc.2013.211},
  publisher = {Springer Nature},
}

@Article{Albertsen2005,
  author    = {Peter C. Albertsen},
  title     = {20-Year Outcomes Following Conservative Management of Clinically Localized Prostate Cancer},
  journal   = {{JAMA}},
  year      = {2005},
  volume    = {293},
  number    = {17},
  pages     = {2095},
  month     = {may},
  doi       = {10.1001/jama.293.17.2095},
  publisher = {American Medical Association ({AMA})},
}

@Comment{jabref-meta: databaseType:bibtex;}
